@article{abada2023artificial,
  title = {Artificial Intelligence: {{Can}} Seemingly Collusive Outcomes Be Avoided?},
  author = {Abada, Ibrahim and Lambin, Xavier},
  year = {2023},
  journal = {Management Science},
  publisher = {{INFORMS}},
  file = {C:\Users\Tang Chen\Desktop\Academic\Zotero\storage\4ZHWBWE5\Abada_Lambin_2023_Artificial intelligence.pdf}
}

@article{calvano2019algorithmic,
  title = {Algorithmic Pricing What Implications for Competition Policy?},
  author = {Calvano, Emilio and Calzolari, Giacomo and Denicol{\`o}, Vincenzo and Pastorello, Sergio},
  year = {2019},
  journal = {Review of industrial organization},
  volume = {55},
  pages = {155--171},
  publisher = {{Springer}},
  file = {C:\Users\Tang Chen\Desktop\Academic\Zotero\storage\UUTCXLVA\Calvano et al_2019_Algorithmic pricing what implications for competition policy.pdf}
}

@article{calvano2020artificial,
  title = {Artificial Intelligence, Algorithmic Pricing, and Collusion},
  author = {Calvano, Emilio and Calzolari, Giacomo and Denicolo, Vincenzo and Pastorello, Sergio},
  year = {2020},
  journal = {American Economic Review},
  volume = {110},
  number = {10},
  pages = {3267--3297},
  publisher = {{American Economic Association 2014 Broadway, Suite 305, Nashville, TN 37203}},
  file = {C:\Users\Tang Chen\Desktop\Academic\Zotero\storage\EGLZ4C6K\Calvano et al_2020_Artificial intelligence, algorithmic pricing, and collusion.pdf}
}

@article{calvano2023algorithmic,
  title = {Algorithmic Collusion: {{Genuine}} or Spurious?},
  author = {Calvano, Emilio and Calzolari, Giacomo and Denicol{\'o}, Vincenzo and Pastorello, Sergio},
  year = {2023},
  journal = {International Journal of Industrial Organization},
  volume = {90},
  pages = {102973},
  publisher = {{Elsevier}},
  file = {C:\Users\Tang Chen\Desktop\Academic\Zotero\storage\2HW9CDTP\Calvano et al_2023_Algorithmic collusion.pdf}
}

@article{cao2023does,
  title = {How Does Competition Affect Exploration vs. {{Exploitation}}? {{A}} Tale of Two Recommendation Algorithms},
  author = {Cao, H Henry and Ma, Liye and Ning, Z Eddie and Sun, Baohong},
  year = {2023},
  journal = {Management Science},
  publisher = {{INFORMS}},
  file = {C:\Users\Tang Chen\Desktop\Academic\Zotero\storage\DTU9GNFS\Cao et al_2023_How does competition affect exploration vs.pdf}
}

@article{den2015dynamic,
  title = {Dynamic Pricing and Learning: Historical Origins, Current Research, and New Directions},
  author = {Den Boer, Arnoud V},
  year = {2015},
  journal = {Surveys in operations research and management science},
  volume = {20},
  number = {1},
  pages = {1--18},
  publisher = {{Elsevier}},
  file = {C:\Users\Tang Chen\Desktop\Academic\Zotero\storage\CNBG5NCB\Den Boer_2015_Dynamic pricing and learning.pdf}
}

@book{Gallego2019,
  title = {Revenue {{Management}} and {{Pricing Analytics}}},
  author = {Gallego, Guillermo and Topaloglu, Huseyin},
  year = {2019},
  series = {International {{Series}} in {{Operations Research}} \& {{Management Science}}},
  volume = {279},
  publisher = {{Springer New York}},
  address = {{New York, NY}},
  doi = {10.1007/978-1-4939-9606-3},
  urldate = {2023-08-13},
  isbn = {978-1-4939-9604-9 978-1-4939-9606-3},
  langid = {english},
  file = {C:\Users\Tang Chen\Desktop\Academic\Zotero\storage\EJSR22BG\Gallego å’Œ Topaloglu - 2019 - Revenue Management and Pricing Analytics.pdf}
}

@article{hansen2021frontiers,
  title = {Frontiers: {{Algorithmic}} Collusion: {{Supra-competitive}} Prices via Independent Algorithms},
  author = {Hansen, Karsten T and Misra, Kanishka and Pai, Mallesh M},
  year = {2021},
  journal = {Marketing Science},
  volume = {40},
  number = {1},
  pages = {1--12},
  publisher = {{INFORMS}},
  file = {C\:\\Users\\Tang Chen\\Desktop\\Academic\\Zotero\\storage\\6QQG25K8\\Hansen et al_2021_Frontiers.pdf;C\:\\Users\\Tang Chen\\Desktop\\Academic\\Zotero\\storage\\UDUUMYF4\\mksc.2020.1276.sm1.pdf}
}

@article{hettich2021algorithmic,
  title = {Algorithmic Collusion: {{Insights}} from Deep Learning},
  author = {Hettich, Matthias},
  year = {2021},
  journal = {Available at SSRN 3785966},
  file = {C:\Users\Tang Chen\Desktop\Academic\Zotero\storage\WR2T7SML\Hettich_2021_Algorithmic collusion.pdf}
}

@article{den2023mathematical,
  title={A (mathematical) definition of algorithmic collusion},
  author={den Boer, Arnoud V},
  journal={Available at SSRN 4636488},
  year={2023}
}

@inproceedings{ho2013adaptive,
  title = {Adaptive Contract Design for Crowdsourcing},
  booktitle = {{{NIPS}}'13 Workshop on Crowdsourcing: {{Theory}}, Algorithms and Applications},
  author = {Ho, Chien-Ju and Slivkins, Aleksandrs and Vaughan, Jennifer Wortman},
  year = {2013},
  publisher = {{Citeseer}},
  file = {C:\Users\Tang Chen\Desktop\Academic\Zotero\storage\G2MPXNNA\Ho et al_2013_Adaptive contract design for crowdsourcing.pdf}
}

@article{bertsimas2006dynamic,
  title={Dynamic pricing: A learning approach},
  author={Bertsimas, Dimitris and Perakis, Georgia},
  journal={Mathematical and computational models for congestion charging},
  pages={45--79},
  year={2006},
  publisher={Springer}
}

@article{cooper2015learning,
  title={Learning and pricing with models that do not explicitly incorporate competition},
  author={Cooper, William L and Homem-de-Mello, Tito and Kleywegt, Anton J},
  journal={Operations research},
  volume={63},
  number={1},
  pages={86--103},
  year={2015},
  publisher={INFORMS}
}
@book{sutton2018reinforcement,
  title={Reinforcement learning: An introduction},
  author={Sutton, Richard S and Barto, Andrew G},
  year={2018},
  publisher={MIT press}
}

@article{williams2022welfare,
  title={The welfare effects of dynamic pricing: Evidence from airline markets},
  author={Williams, Kevin R},
  journal={Econometrica},
  volume={90},
  number={2},
  pages={831--858},
  year={2022},
  publisher={Wiley Online Library}
}
@article{gallego2014dynamic,
  title={Dynamic pricing of perishable assets under competition},
  author={Gallego, Guillermo and Hu, Ming},
  journal={Management Science},
  volume={60},
  number={5},
  pages={1241--1259},
  year={2014},
  publisher={INFORMS}
}

@article{besbes2015surprising,
  title={On the (surprising) sufficiency of linear models for dynamic pricing with demand learning},
  author={Besbes, Omar and Zeevi, Assaf},
  journal={Management Science},
  volume={61},
  number={4},
  pages={723--739},
  year={2015},
  publisher={INFORMS}
}

@article{keskin2022data,
  title={Data-driven dynamic pricing and ordering with perishable inventory in a changing environment},
  author={Keskin, N Bora and Li, Yuexing and Song, Jing-Sheng},
  journal={Management Science},
  volume={68},
  number={3},
  pages={1938--1958},
  year={2022},
  publisher={INFORMS}
}

@article{varian1980model,
  title={A model of sales},
  author={Varian, Hal R},
  journal={The American economic review},
  volume={70},
  number={4},
  pages={651--659},
  year={1980},
  publisher={JSTOR}
}
@article{levin2009dynamic,
  title={Dynamic pricing in the presence of strategic consumers and oligopolistic competition},
  author={Levin, Yuri and McGill, Jeff and Nediak, Mikhail},
  journal={Management science},
  volume={55},
  number={1},
  pages={32--46},
  year={2009},
  publisher={INFORMS}
}

@article{kastius2021dynamic,
  title = {Dynamic Pricing under Competition Using Reinforcement Learning},
  author = {Kastius, Alexander and Schlosser, Rainer},
  year = {2021},
  journal = {Journal of Revenue and Pricing Management},
  pages = {1--14},
  publisher = {{Springer}},
  file = {C:\Users\Tang Chen\Desktop\Academic\Zotero\storage\BZFQ2CN6\Kastius_Schlosser_2021_Dynamic pricing under competition using reinforcement learning.pdf}
}

@article{robinson1975dynamic,
  title={Dynamic price models for new-product planning},
  author={Robinson, Bruce and Lakhani, Chet},
  journal={Management science},
  volume={21},
  number={10},
  pages={1113--1122},
  year={1975},
  publisher={INFORMS}
}

@article{klein2021autonomous,
  title = {Autonomous Algorithmic Collusion: {{Q-learning}} under Sequential Pricing},
  author = {Klein, Timo},
  year = {2021},
  journal = {The RAND Journal of Economics},
  volume = {52},
  number = {3},
  pages = {538--558},
  publisher = {{Wiley Online Library}},
  file = {C:\Users\Tang Chen\Desktop\Academic\Zotero\storage\UM765KAI\Klein_2021_Autonomous algorithmic collusion.pdf}
}

@article{loots2023data,
  title = {Data-Driven Collusion and Competition in a Pricing Duopoly with Multinomial Logit Demand},
  author = {Loots, Thomas and {den Boer}, Arnoud V},
  year = {2023},
  journal = {Production and Operations Management},
  volume = {32},
  number = {4},
  pages = {1169--1186},
  publisher = {{Wiley Online Library}},
  file = {C:\Users\Tang Chen\Desktop\Academic\Zotero\storage\YZPSMTCT\Loots_den Boer_2023_Data-driven collusion and competition in a pricing duopoly with multinomial.pdf}
}

@inproceedings{markgraf2023safe,
  title = {Safe Multi-Agent Reinforcement Learning for Price-Based Demand Response},
  booktitle = {{{ICLR}} 2023 Workshop on Tackling Climate Change with Machine Learning},
  author = {Markgraf, Hannah and Althoff, Matthias},
  year = {2023},
  file = {C:\Users\Tang Chen\Desktop\Academic\Zotero\storage\3JGR4MYY\Markgraf_Althoff_2023_Safe multi-agent reinforcement learning for price-based demand response.pdf}
}

@article{meylahn2022learning,
  title = {Learning to Collude in a Pricing Duopoly},
  author = {Meylahn, Janusz M and {V. den Boer}, Arnoud},
  year = {2022},
  journal = {Manufacturing \& Service Operations Management},
  volume = {24},
  number = {5},
  pages = {2577--2594},
  publisher = {{INFORMS}},
  file = {C:\Users\Tang Chen\Desktop\Academic\Zotero\storage\7WBC9PNB\Meylahn_V. den Boer_2022_Learning to collude in a pricing duopoly.pdf}
}

@article{misra2019dynamic,
  title = {Dynamic Online Pricing with Incomplete Information Using Multiarmed Bandit Experiments},
  author = {Misra, Kanishka and Schwartz, Eric M and Abernethy, Jacob},
  year = {2019},
  journal = {Marketing Science},
  volume = {38},
  number = {2},
  pages = {226--252},
  publisher = {{INFORMS}},
  file = {C:\Users\Tang Chen\Desktop\Academic\Zotero\storage\RE8N8HC8\Misra et al_2019_Dynamic online pricing with incomplete information using multiarmed bandit.pdf}
}
